@article{ chawla02,
Author = {Chawla, NV and Bowyer, KW and Hall, LO and Kegelmeyer, WP},
Title = {{SMOTE: Synthetic minority over-sampling technique}},
Journal = {{Journal of Artificial Intelligence Research}},
Year = {{2002}},
Volume = {{16}},
Pages = {{321-357}},
ISSN = {{1076-9757}},
ORCID-Numbers = {{Bowyer, Kevin/0000-0002-7562-4390}},
Unique-ID = {{ISI:000176025300001}},
}

@article{ huang02,
Author = {Huang, T},
Title = {{Current advances in Holt-Oram syndrome}},
Journal = {{Current Opinion in Pediatrics}},
Year = {{2002}},
Volume = {{14}},
Number = {{6}},
Pages = {{691-695}},
Month = {{DEC}},
DOI = {{10.1097/00008480-200212000-00008}},
ISSN = {{1040-8703}},
Unique-ID = {{ISI:000179371100008}},
}
